@MASTERSTHESIS{mestrado,
   author = {{Autor da dissertacao}, A.},
    title = "{Titulo da dissertacao de mestrado}",
   school = {S\~{a}o Paulo: Universidade 1},
     year = 2000,
   adsurl = {http://blablabla},
  adsnote = {Provided by ....},
  pages = {500 p.}
}

@PHDTHESIS{doutorado,
   author = {{Autor da tese}, B.},
    title = "{Titulo da tese de doutorado}",
   school = {S\~{a}o Paulo: Universidade 2},
     year = 2001,
   adsurl = {http://blablablabla},
  adsnote = {Provided by ....},
  pages = {1000 p.}
}

@ARTICLE{artigo1,
   author = {{Autor1}, A. and {Autor2}, B. and {Autor 3}, C.},
    title = "{Titulo do Artigo}",
  journal = {jornal},
     year = 2007,
   volume = 1,
    pages = {10-100},
   adsurl = {http://},
  adsnote = {Provided by ....}
}

@ARTICLE{artigo2,
   author = {{Autor1}, A. and {Autor2}, B. and {Autor 3}, C. and {Autor4}, D.},
    title = "{Titulo do Artigo}",
  journal = {jornal},
     year = 2007,
   volume = 2,
    pages = {10-100},
   adsurl = {http://},
  adsnote = {Provided by ....}
}

@ARTICLE{salpeter,
   author = {{Salpeter}, E.~E.},
    title = "{Difficulties with fusion catalysis by quarks.}",
  journal = {\nat},
     year = 1970,
   volume = 255,
    pages = {165-166},
   adsurl = {http://adsabs.harvard.edu/abs/1970Natur.255..165S},
  adsnote = {Provided by the Smithsonian/NASA Astrophysics Data System}
}

@ARTICLE{bethe,
   author = {{Bethe}, H.~A. and {Salpeter}, E.~E.},
    title = "{The 1983 Nobel Prize in Physics - Chandrasekhar and Fowler}",
  journal = {Science},
     year = 1983,
    month = nov,
   volume = 222,
    pages = {881-+},
   adsurl = {http://adsabs.harvard.edu/abs/1983Sci...222..881B},
  adsnote = {Provided by the Smithsonian/NASA Astrophysics Data System}
}


@BOOK{livro,
   author = {{autor1}, A. and {Autor2}, B.},
    title = "{Titulo do livro}",
publisher = {Edicao. Cidade: Editora},
     year = {2000},
    month = jun,
   adsurl = {http://},
  adsnote = {Provided by ...},
  pages = {100 p.}
}


@BOOK{feynman,
   author = {{Feynman}, R.~P.},
    title = "{What do you care what other people think? Further adventures of a curious character as told to Ralph Leighton}",
publisher = {1st ed. London: W W Norton \& Co Inc},
     year = 1988,
   adsurl = {http://adsabs.harvard.edu/abs/1988wdyc.book.....F},
  adsnote = {Provided by the Smithsonian/NASA Astrophysics Data System},
  pages = {256 p.}
}